<collection xmlns="http://www.loc.gov/MARC21/slim"><record><leader>00844nam  2200253   450</leader><controlfield tag="001">898</controlfield><controlfield tag="003">http://montalegre.opacnet.com/OPAC/default.aspx?ContentAreaControl=ShowRegHoldings.ascx&amp;RegNo=16662</controlfield><datafield tag="021" ind1=" " ind2=" "><subfield code="a">PT</subfield><subfield code="b">17767/87</subfield></datafield><datafield tag="095" ind1=" " ind2=" "><subfield code="a">PTBN00110487</subfield></datafield><datafield tag="100" ind1=" " ind2=" "><subfield code="a">19880223d1987    c  y0pora010305  ba</subfield></datafield><datafield tag="101" ind1="1" ind2=" "><subfield code="a">por</subfield><subfield code="c">ita</subfield></datafield><datafield tag="102" ind1=" " ind2=" "><subfield code="a">PT</subfield></datafield><datafield tag="200" ind1="1" ind2=" "><subfield code="a">Histórias ao telefone</subfield><subfield code="f">Gianni Rodari</subfield><subfield code="g">trad. Maria da Assunção Santos</subfield></datafield><datafield tag="210" ind1=" " ind2=" "><subfield code="a">Lisboa</subfield><subfield code="c">Teorema</subfield><subfield code="d">1987</subfield></datafield><datafield tag="215" ind1=" " ind2=" "><subfield code="a">93, [3] p.</subfield><subfield code="c">il.</subfield><subfield code="d">19 cm</subfield></datafield><datafield tag="225" ind1="2" ind2=" "><subfield code="a">Sésamo</subfield><subfield code="v">7</subfield></datafield><datafield tag="304" ind1=" " ind2=" "><subfield code="a">Tít. orig. : Favole al telefono</subfield></datafield><datafield tag="675" ind1=" " ind2=" "><subfield code="a">087.5</subfield><subfield code="z">por</subfield></datafield><datafield tag="700" ind1=" " ind2="1"><subfield code="a">Rodari</subfield><subfield code="b">Gianni</subfield><subfield code="f">1920-1980</subfield></datafield><datafield tag="702" ind1=" " ind2="1"><subfield code="a">Santos</subfield><subfield code="b">Maria Assunção</subfield><subfield code="4">730</subfield></datafield><datafield tag="702" ind1=" " ind2="1"><subfield code="a">Bessa</subfield><subfield code="b">José Pedro</subfield><subfield code="f">1951-</subfield><subfield code="4">440</subfield></datafield><datafield tag="801" ind1=" " ind2="0"><subfield code="a">PT</subfield><subfield code="b">Biblioteca Municipal de Montalegre</subfield><subfield code="g">RPC</subfield></datafield><datafield tag="856" ind1=" " ind2=" "><subfield code="u">locateMedia.asp?cod=20060628165451&amp;ext=jpg</subfield><subfield code="z">CAPA</subfield></datafield><datafield tag="909" ind1="&#9;" ind2=" "><subfield code="a">2</subfield></datafield><datafield tag="966" ind1=" " ind2=" "><subfield code="a">0003159</subfield><subfield code="l">BMM</subfield><subfield code="s">SJ 087.5 ROD his 7</subfield></datafield><datafield tag="966" ind1=" " ind2=" "><subfield code="a">0003161</subfield><subfield code="l">BMM</subfield><subfield code="s">SJ 087.5 ROD his 7</subfield></datafield></record></collection>